<?xml version="1.0" encoding="UTF-8"?><record xmlns="http://www.loc.gov/MARC21/slim" xmlns:cinclude="http://apache.org/cocoon/include/1.0" xmlns:zs="http://www.loc.gov/zing/srw/">
  <leader>00689nz  a2200157n  4500</leader>
  <controlfield tag="001">no2010094830</controlfield>
  <controlfield tag="003">DLC</controlfield>
  <controlfield tag="005">20100611075435.0</controlfield>
  <controlfield tag="008">100609n| acannaabn          |a ana     c</controlfield>
  <datafield tag="010" ind1=" " ind2=" ">
    <subfield code="a">no2010094830</subfield>
  </datafield>
  <datafield tag="035" ind1=" " ind2=" ">
    <subfield code="a">(OCoLC)oca08522395</subfield>
  </datafield>
  <datafield tag="040" ind1=" " ind2=" ">
    <subfield code="a">HU</subfield>
    <subfield code="b">eng</subfield>
    <subfield code="c">HU</subfield>
  </datafield>
  <datafield tag="110" ind1="2" ind2=" ">
    <subfield code="a">Alu Like, Inc.</subfield>
    <subfield code="b">Research, Planning and Evaluation Unit</subfield>
  </datafield>
  <datafield tag="510" ind1="2" ind2=" ">
    <subfield code="w">b</subfield>
    <subfield code="a">Alu Like, Inc.</subfield>
    <subfield code="b">Research and Evaluation Unit</subfield>
  </datafield>
  <datafield tag="670" ind1=" " ind2=" ">
    <subfield code="a">Profiles of study areas within the Hawaiian Home Lands based on 1990 census data, 1993:</subfield>
    <subfield code="b">t.p. (Research, Planning and Evaluation Unit, Alu Like, Inc.)</subfield>
  </datafield>
  <datafield tag="675" ind1=" " ind2=" ">
    <subfield code="a">Native Hawaiian population by district and census tract in Census 2000, 2001: t.p. (Research and Evaluation Unit, Alu Like, Inc.)</subfield>
  </datafield>
</record>